<record><leader>00000cas a2200000 a 4500</leader><controlfield tag="001">12782737</controlfield><controlfield tag="008">851112d197719uuksuwr ne      0    0eng d</controlfield><datafield ind1=" " ind2=" " tag="010"><subfield code="a">sn 85032643 </subfield></datafield><datafield ind1=" " ind2=" " tag="040"><subfield code="a">KSH</subfield><subfield code="b">eng</subfield><subfield code="c">KSH</subfield><subfield code="d">NPT</subfield><subfield code="d">NSD</subfield><subfield code="d">OCL</subfield><subfield code="d">OCLCQ</subfield></datafield><datafield ind1=" " ind2=" " tag="042"><subfield code="a">msc</subfield></datafield><datafield ind1="0" ind2=" " tag="130"><subfield code="a">Independent (Eskridge, Kan.)</subfield></datafield><datafield ind1="1" ind2="4" tag="245"><subfield code="a">The Independent.</subfield></datafield><datafield ind1=" " ind2=" " tag="260"><subfield code="a">Eskridge, Kan. :</subfield><subfield code="b">Roy A. &amp; Anita H. Holladay,</subfield><subfield code="c">1977-</subfield></datafield><datafield ind1=" " ind2=" " tag="300"><subfield code="a">v. :</subfield><subfield code="b">ill. ;</subfield><subfield code="c">58 cm.</subfield></datafield><datafield ind1=" " ind2=" " tag="310"><subfield code="a">Weekly</subfield></datafield><datafield ind1="0" ind2=" " tag="362"><subfield code="a">60th year, no. 27 (July 7, 1977)-</subfield></datafield><datafield ind1=" " ind2=" " tag="525"><subfield code="a">Supplements included.</subfield></datafield><datafield ind1=" " ind2=" " tag="752"><subfield code="a">United States</subfield><subfield code="b">Kansas</subfield><subfield code="c">Wabaunsee</subfield><subfield code="d">Eskridge.</subfield></datafield><datafield ind1="0" ind2="0" tag="780"><subfield code="t">Eskridge independent (Eskridge, Kan. : 1930)</subfield><subfield code="w">(DLC)sn 85032642</subfield></datafield><datafield ind1="0" ind2="5" tag="780"><subfield code="t">Harveyville monitor</subfield><subfield code="g">Dec. 28, 1967</subfield><subfield code="w">(DLC)sn 85032644</subfield></datafield><datafield ind1="0" ind2="0" tag="785"><subfield code="t">Flint Hills Independent</subfield><subfield code="x">1060-0752</subfield><subfield code="w">(DLC)sn 91003796</subfield><subfield code="w">(OCoLC)24864502</subfield></datafield><datafield ind1="1" ind2=" " tag="029"><subfield code="a">AU@</subfield><subfield code="b">000022166587</subfield></datafield></record>